@article{chong2007secure,
  title={Secure web applications via automatic partitioning},
  author={Chong, Stephen and Liu, Jed and Myers, Andrew C and Qi, Xin and Vikram, Krishnaprasad and Zheng, Lantian and Zheng, Xin},
  journal={ACM SIGOPS Operating Systems Review},
  volume={41},
  number={6},
  pages={31--44},
  year={2007},
  publisher={ACM},
  url={http://www.cs.cornell.edu/andru/papers/swift-sosp07.pdf}
}

@article{zdancewic2001untrusted,
  title={Untrusted hosts and confidentiality: Secure program partitioning},
  author={Zdancewic, Steve and Zheng, Lantian and Nystrom, Nathaniel and Myers, Andrew C},
  journal={ACM SIGOPS Operating Systems Review},
  volume={35},
  number={5},
  pages={1--14},
  year={2001},
  publisher={ACM},
  url={http://www.cs.cornell.edu/andru/papers/sosp01/zznm01.pdf}
}

@article{volpano1996sound,
  title={A sound type system for secure flow analysis},
  author={Volpano, Dennis and Irvine, Cynthia and Smith, Geoffrey},
  journal={Journal of computer security},
  volume={4},
  number={2-3},
  pages={167--187},
  year={1996},
  publisher={IOS Press},
  url={http://users.cis.fiu.edu/~smithg/papers/jcs96.pdf}
}

@article{pottier2003information,
  title={Information flow inference for {ML}},
  author={Pottier, Fran{\c{c}}ois and Simonet, Vincent},
  journal={ACM Transactions on Programming Languages and Systems (TOPLAS)},
  volume={25},
  number={1},
  pages={117--158},
  year={2003},
  publisher={ACM},
  url={http://www.normalesup.org/~simonet/publis/fpottier-simonet-toplas.pdf}
}


