@article{zdancewic2001robust,
  title={Robust Declassification.},
  author={Zdancewic, Steve and Myers, Andrew C},
  booktitle={csfw},
  volume={1},
  pages={15--23},
  year={2001},
  organization={Citeseer}
}



@inproceedings{zdancewic2003observational,
  title={Observational determinism for concurrent program security},
  author={Zdancewic, Steve and Myers, Andrew C},
  booktitle={16th IEEE Computer Security Foundations Workshop, 2003. Proceedings.},
  pages={29--43},
  year={2003},
  organization={IEEE}
}

@inproceedings{zdancewic2001robust,
  title={Robust Declassification.},
  author={Zdancewic, Steve and Myers, Andrew C},
  booktitle={csfw},
  volume={1},
  pages={15--23},
  year={2001},
  organization={Citeseer}
}

@inproceedings{roscoe1995csp,
  title={CSP and determinism in security modelling},
  author={Roscoe, A William},
  booktitle={Proceedings 1995 IEEE Symposium on Security and Privacy},
  pages={114--127},
  year={1995},
  organization={IEEE}
}

@inproceedings{charles2005x10,
  title={X10: an object-oriented approach to non-uniform cluster computing},
  author={Charles, Philippe and Grothoff, Christian and Saraswat, Vijay and Donawa, Christopher and Kielstra, Allan and Ebcioglu, Kemal and Von Praun, Christoph and Sarkar, Vivek},
  booktitle={Acm Sigplan Notices},
  volume={40},
  number={10},
  pages={519--538},
  year={2005},
  organization={ACM}
}

@article{milanova2005parameterized,
  title={Parameterized object sensitivity for points-to analysis for Java},
  author={Milanova, Ana and Rountev, Atanas and Ryder, Barbara G},
  journal={ACM Transactions on Software Engineering and Methodology (TOSEM)},
  volume={14},
  number={1},
  pages={1--41},
  year={2005},
  publisher={ACM}
}